@inproceedings{sanyal2021learning,
  title={Learning realistic human reposing using cyclic self-supervision with 3d shape, pose, and appearance consistency},
  author={Sanyal, Soubhik and Vorobiov, Alex and Bolkart, Timo and Loper, Matthew and Mohler, Betty and Davis, Larry S and Romero, Javier and Black, Michael J},
  booktitle={Proceedings of the IEEE/CVF International Conference on Computer Vision},
  pages={11138--11147},
  year={2021}
}

@inproceedings{kanazawa2018end,
  title={End-to-end recovery of human shape and pose},
  author={Kanazawa, Angjoo and Black, Michael J and Jacobs, David W and Malik, Jitendra},
  booktitle={Proceedings of the IEEE conference on computer vision and pattern recognition},
  pages={7122--7131},
  year={2018}
}

@incollection{loper2023smpl,
  title={SMPL: A skinned multi-person linear model},
  author={Loper, Matthew and Mahmood, Naureen and Romero, Javier and Pons-Moll, Gerard and Black, Michael J},
  booktitle={Seminal Graphics Papers: Pushing the Boundaries, Volume 2},
  pages={851--866},
  year={2023}
}